@misc{apache:hadoop,
author ="Apache Fundation",
title ="Hadoop Project",
note = "\url{http://hadoop.apache.org/}"
};

@misc{apache:mahout,
author ="Apache Fundation",
title ="Mahout Project",
note = "\url{http://mahout.apache.org/}"
};

@inproceedings{algo:kmeans1,
  title={Some methods for classification and analysis of multivariate observations},
  author={MacQueen, J. and others},
  booktitle={Proceedings of the fifth Berkeley symposium on mathematical statistics and probability},
  volume={1},
  number={281-297},
  pages={14},
  year={1967},
  organization={California, USA}
}

@misc{algo:kmeans2,
author = "Ricky Ho",
title = "K-Means Clustering in Map Reduce",
note = "\url{http://horicky.blogspot.com/2011/04/k-means-clustering-in-map-reduce.html}"
};

@misc{algo:kmeans3,
author = "Leo Zhang",
title = "Learning Mahout: K-Means Clustering",
note = "\url{http://www.cnblogs.com/vivounicorn/archive/2011/10/08/2201986.html}"
};

@misc{dataset:aset,
author = "Speech and Image Processing Unit, School of Computing, University of Eastern Finland",
title = "A-sets",
note = "\url{http://cs.joensuu.fi/sipu/datasets/}"
};

